@incollection{frieze2004perfect,
  title={Perfect matchings in random graphs with prescribed minimal degree},
  author={Frieze, Alan and Pittel, Boris},
  booktitle={Mathematics and Computer Science III: Algorithms, Trees, Combinatorics and Probabilities},
  pages={95--132},
  year={2004},
  publisher={Springer}
}